@misc{idarchive_history,
	author = {{Barry Bloom}},
	title = {Barry Bloom post on OFC.UNT.EDU News},
	date = {7 April 1994},
	url = {https://groups.google.com/d/msg/alt.games.doom/Wjp0gf-zBf8/YIYsTQyD9F4J},
}


@misc{url:doomworld,
	author = {{Doomworld.com Website}},
	title = "Doomworld",
	year = "1998",
	url = "https://www.doomworld.com/",
	note = "[Online; accessed 16/10/2017]"
}


@misc{wiki:doomworld,
	author = {{Doomworld on DoomWiki}},
	title = "Doomworld - The Doom Wiki at DoomWiki.org",
	year = "2005",
	url = "https://doomwiki.org/wiki/Doomworld",
	note = "[Online; accessed 06/02/2018]"
}

@misc{wadmeaning,
	author = {{Tom Hall}},
	title = "DOOM Bible, Appendix A: Glossary",
	year = "1992",
	url = "http://5years.doomworld.com/doombible/appendices.shtml",
	note = "[Online; Doomworld Mirror, accessed 06/02/2018]"
}

@misc{doomengine,
	author = {{John Carmack}},
	title = "Doom Engine Source code on GitHub.com",
	year = "1997",
	month = "December",
	day = "23",
	url ="https://github.com/id-Software/DOOM",
	note = "[Online; accessed 06/02/2018]"
}

@misc{doomspecs,
	author = {Matthew S Fell},
	title = {The Unofficial Doom Specs},
	howpublished = {Online},
	url ="http://www.gamers.org/dhs/helpdocs/dmsp1666.html",
	day = {15},
	month = {December},
	year = {1994}
}

@article{Fuchs:1980:VSG:965105.807481,
	author = {{Fuchs, Henry and Kedem, Zvi M. and Naylor, Bruce F.}},
	title = {On Visible Surface Generation by a Priori Tree Structures},
	journal = {SIGGRAPH Comput. Graph.},
	issue_date = {July 1980},
	volume = {14},
	number = {3},
	month = jul,
	year = {1980},
	issn = {0097-8930},
	pages = {124--133},
	numpages = {10},
	url = {http://doi.acm.org/10.1145/965105.807481},
	doi = {10.1145/965105.807481},
	acmid = {807481},
	publisher = {ACM},
	address = {New York, NY, USA},
} 

@misc{bsp,
	author = {{Colin Phipps, Simon Howard, Colin Reed, Lee Killough}},
	title = {BSP v5.2},
	note = "[BSP - The Doom node builder software, accessed November 2017]",
	year = {1994 - 2006},
}

